%% This BibTeX bibliography file was created using BibDesk.
%% https://bibdesk.sourceforge.io/

%% Created for Ngoc-Minh Ta at 2023-05-25 14:03:38 +0700 


%% Saved with string encoding Unicode (UTF-8) 



@incollection{datamesh2022p3,
	author = {Dehghani, Zhamak},
	booktitle = {Data Mesh: Delivering Data-Driven Value at Scale},
	date-added = {2023-05-25 11:27:35 +0700},
	date-modified = {2023-05-25 14:03:36 +0700},
	pages = {139--190},
	publisher = {O'Reilly Media},
	title = {How to Design the Data Mesh Architecture},
	year = {2022}}

@book{dddevan,
	author = {Eric Evans},
	date-added = {2023-05-24 13:51:19 +0700},
	date-modified = {2023-05-24 13:52:47 +0700},
	publisher = {Addison-Wesley Professional},
	title = {Domain-Driven Design: Tackling Complexity in the Heart of Software},
	year = {2003}}

@incollection{grandstrand:2004,
	address = {Oxford},
	author = {Ove Grandstrand},
	booktitle = {The Oxford Handbook of Innovation},
	chapter = 10,
	editor = {Jan Fagerberg and David C. Mowery and Richard R. Nelson},
	pages = {266-290},
	publisher = {Oxford University Press},
	title = {Innovation and Intellectual Property Rights},
	year = 2004}

@incollection{datamesh2022prologue,
	author = {Dehghani, Zhamak},
	booktitle = {Data Mesh: Delivering Data-Driven Value at Scale},
	pages = {xxv--xxxviii},
	publisher = {O'Reilly Media},
	title = {Prologue: Imagine Data Mesh},
	year = {2022}}

@incollection{datamesh2022ch1,
	author = {Dehghani, Zhamak},
	booktitle = {Data Mesh: Delivering Data-Driven Value at Scale},
	pages = {3--14},
	publisher = {O'Reilly Media},
	title = {Data Mesh in a Nutshell},
	year = {2022}}

@incollection{datamesh2022ch2,
	author = {Dehghani, Zhamak},
	booktitle = {Data Mesh: Delivering Data-Driven Value at Scale},
	pages = {15--28},
	publisher = {O'Reilly Media},
	title = {Principle of Domain Ownership},
	year = {2022}}

@incollection{datamesh2022ch3,
	author = {Dehghani, Zhamak},
	booktitle = {Data Mesh: Delivering Data-Driven Value at Scale},
	pages = {29--46},
	publisher = {O'Reilly Media},
	title = {Principle of Data as a Product},
	year = {2022}}

@incollection{datamesh2022ch4,
	author = {Dehghani, Zhamak},
	booktitle = {Data Mesh: Delivering Data-Driven Value at Scale},
	pages = {47--66},
	publisher = {O'Reilly Media},
	title = {Principle of the Self-Serve Data Platform},
	year = {2022}}

@incollection{datamesh2022ch5,
	author = {Dehghani, Zhamak},
	booktitle = {Data Mesh: Delivering Data-Driven Value at Scale},
	pages = {67--91},
	publisher = {O'Reilly Media},
	title = {Principle of Federated Computational Governance},
	year = {2022}}

@incollection{datamesh2022p2,
	author = {Dehghani, Zhamak},
	booktitle = {Data Mesh: Delivering Data-Driven Value at Scale},
	pages = {93--137},
	publisher = {O'Reilly Media},
	title = {Why Data Mesh?},
	year = {2022}}

@webpage{datameshweb,
	author = {Jochen, Christ and Larysa, Visengeriyeva and Simon Harrer},
	date-modified = {2023-05-23 16:34:36 +0700},
	title = {Data Mesh From an Engineering Perspective},
	url = {https://www.datamesh-architecture.com/},
	year = {2023},
	bdsk-url-1 = {https://www.datamesh-architecture.com/}}

@webpage{shiftkpmg,
	author = {Nicolas, Dubois},
	date-modified = {2023-05-23 16:34:15 +0700},
	title = {Will the buzz around data mesh really help solve my data challenges?},
	url = {https://kpmg.com/be/en/home/insights/2023/03/lh-the-impact-of-data-mesh-on-organizational-data.html},
	year = {2023},
	bdsk-url-1 = {https://kpmg.com/be/en/home/insights/2023/03/lh-the-impact-of-data-mesh-on-organizational-data.html}}

@article{machado2022data,
	author = {Machado, In{\^e}s Ara{\'u}jo and Costa, Carlos and Santos, Maribel Yasmina},
	date-modified = {2023-05-24 13:56:10 +0700},
	journal = {Procedia Computer Science},
	pages = {263--271},
	publisher = {Elsevier},
	title = {Data mesh: Concepts and Principles of a paradigm shift in Data Architectures},
	volume = {196},
	year = {2022}}

@article{fair,
	author = {Wilkinson, Mark D and others},
	journal = {Scientific data},
	number = {1},
	pages = {1--9},
	publisher = {Nature Publishing Group},
	title = {The FAIR Guiding Principles for scientific data management and stewardship},
	volume = {3},
	year = {2016}}

@book{norman2002design,
	author = {Norman, Donald A.},
	title = {The Design of Everyday Things},
	isbn = {0465067107 9780465067107},
	publisher = {Basic Books},
	title = {The design of everyday things},
	year = 2002
}

